{"state":0,"message":"查询成功","pageCount":1,"countNum":0,"Tflag":0,"result":[{"name":"双色球","code":"2018125","detailsLink":"/c/2018-10-25/444825.shtml","videoLink":"/c/2018-10-25/444824.shtml","date":"2018-10-25(四)","week":"四","red":"03,10,11,14,15,32","blue":"02","blue2":"","sales":"391293382","poolmoney":"961703467","content":"河北1注,内蒙古1注,辽宁1注,共3注。其中复式或胆拖投注为：河北1注,辽宁1注。","addmoney":"","addmoney2":"","zj1":"2","mj1":"15000000(含派奖5000000)","zj6":"4266574","mj6":"10(含派奖5)","msg":"下期一等奖派奖金额：45000000元。\n六等奖派奖奖金余额：520037270元。","z2add":"","m2add":"","prizegrades":[{"type":1,"typenum":"3","typemoney":"10000000"},{"type":2,"typenum":"54","typemoney":"598926"},{"type":3,"typenum":"761","typemoney":"3000"},{"type":4,"typenum":"48149","typemoney":"200"},{"type":5,"typenum":"1061628","typemoney":"10"},{"type":6,"typenum":"7967331","typemoney":"5"},{"type":7,"typenum":"","typemoney":""}]},{"name":"双色球","code":"2018124","detailsLink":"/c/2018-10-23/444715.shtml","videoLink":"/c/2018-10-23/444714.shtml","date":"2018-10-23(二)","week":"二","red":"09,13,14,19,22,25","blue":"02","blue2":"","sales":"378069006","poolmoney":"894677451","content":"山东1注,湖南1注,广东1注,青海1注,共4注。其中复式或胆拖投注为：山东1注,湖南1注,广东1注。","addmoney":"","addmoney2":"","zj1":"3","mj1":"14291791(含派奖5000000)","zj6":"7069919","mj6":"10(含派奖5)","msg":"下期一等奖派奖金额：35000000元。\n六等奖派奖奖金余额：541370140元。","z2add":"","m2add":"","prizegrades":[{"type":1,"typenum":"4","typemoney":"9291791"},{"type":2,"typenum":"127","typemoney":"168968"},{"type":3,"typenum":"1887","typemoney":"3000"},{"type":4,"typenum":"89987","typemoney":"200"},{"type":5,"typenum":"1604786","typemoney":"10"},{"type":6,"typenum":"11942343","typemoney":"5"},{"type":7,"typenum":"","typemoney":""}]},{"name":"双色球","code":"2018123","detailsLink":"/c/2018-10-21/444606.shtml","videoLink":"/c/2018-10-21/444605.shtml","date":"2018-10-21(日)","week":"日","red":"13,21,24,27,31,32","blue":"01","blue2":"","sales":"410429482","poolmoney":"867467741","content":"河南1注,湖北1注,广东1注,贵州1注,云南1注,甘肃1注,共6注。其中复式或胆拖投注为：河南1注,贵州1注。","addmoney":"","addmoney2":"","zj1":"2","mj1":"14217817(含派奖5000000)","zj6":"4656053","mj6":"10(含派奖5)","msg":"下期一等奖派奖金额：30000000元。\n六等奖派奖奖金余额：576719735元。","z2add":"","m2add":"","prizegrades":[{"type":1,"typenum":"6","typemoney":"9217817"},{"type":2,"typenum":"115","typemoney":"275075"},{"type":3,"typenum":"1064","typemoney":"3000"},{"type":4,"typenum":"62598","typemoney":"200"},{"type":5,"typenum":"1329855","typemoney":"10"},{"type":6,"typenum":"9113155","typemoney":"5"},{"type":7,"typenum":"","typemoney":""}]},{"name":"双色球","code":"2018122","detailsLink":"/c/2018-10-18/444494.shtml","videoLink":"/c/2018-10-18/444493.shtml","date":"2018-10-18(四)","week":"四","red":"05,07,20,22,30,32","blue":"10","blue2":"","sales":"327644802","poolmoney":"827873755","content":"河北1注,山西1注,辽宁1注,黑龙江1注,江苏2注,浙江4注,安徽1注,福建2注,江西1注,山东1注,河南1注,湖南1注,广东1注,四川3注,贵州2注,云南4注,甘肃1注,青海1注,新疆2注,共31注。","addmoney":"","addmoney2":"","msg":"","z2add":"","m2add":"","prizegrades":[{"type":1,"typenum":"31","typemoney":"5238879"},{"type":2,"typenum":"230","typemoney":"40245"},{"type":3,"typenum":"3741","typemoney":"3000"},{"type":4,"typenum":"148275","typemoney":"200"},{"type":5,"typenum":"2064488","typemoney":"10"},{"type":6,"typenum":"12399354","typemoney":"5"},{"type":7,"typenum":"","typemoney":""}]},{"name":"双色球","code":"2018121","detailsLink":"/c/2018-10-16/444384.shtml","videoLink":"/c/2018-10-16/444383.shtml","date":"2018-10-16(二)","week":"二","red":"06,08,14,19,23,25","blue":"11","blue2":"","sales":"321305376","poolmoney":"962509317","content":"辽宁1注,浙江2注,江西1注,湖北1注,广东3注,广西1注,四川2注,共11注。","addmoney":"","addmoney2":"","msg":"","z2add":"","m2add":"","prizegrades":[{"type":1,"typenum":"11","typemoney":"6468429"},{"type":2,"typenum":"142","typemoney":"142189"},{"type":3,"typenum":"1555","typemoney":"3000"},{"type":4,"typenum":"71114","typemoney":"200"},{"type":5,"typenum":"1261369","typemoney":"10"},{"type":6,"typenum":"9034907","typemoney":"5"},{"type":7,"typenum":"","typemoney":""}]},{"name":"双色球","code":"2018120","detailsLink":"/c/2018-10-14/444172.shtml","videoLink":"/c/2018-10-14/444171.shtml","date":"2018-10-14(日)","week":"日","red":"03,04,18,26,27,33","blue":"01","blue2":"","sales":"357215818","poolmoney":"973089335","content":"天津1注,河北2注,辽宁1注,湖北1注,共5注。","addmoney":"","addmoney2":"","msg":"","z2add":"","m2add":"","prizegrades":[{"type":1,"typenum":"5","typemoney":"9561820"},{"type":2,"typenum":"185","typemoney":"154115"},{"type":3,"typenum":"1001","typemoney":"3000"},{"type":4,"typenum":"57417","typemoney":"200"},{"type":5,"typenum":"1137419","typemoney":"10"},{"type":6,"typenum":"7025931","typemoney":"5"},{"type":7,"typenum":"","typemoney":""}]},{"name":"双色球","code":"2018119","detailsLink":"/c/2018-10-11/444157.shtml","videoLink":"/c/2018-10-11/444156.shtml","date":"2018-10-11(四)","week":"四","red":"03,13,14,16,25,27","blue":"12","blue2":"","sales":"328321394","poolmoney":"935364310","content":"河北2注,山西1注,黑龙江1注,湖南2注,广东1注,广西2注,深圳1注,共10注。","addmoney":"","addmoney2":"","msg":"","z2add":"","m2add":"","prizegrades":[{"type":1,"typenum":"10","typemoney":"6043410"},{"type":2,"typenum":"117","typemoney":"111475"},{"type":3,"typenum":"1654","typemoney":"3000"},{"type":4,"typenum":"80466","typemoney":"200"},{"type":5,"typenum":"1429681","typemoney":"10"},{"type":6,"typenum":"14670994","typemoney":"5"},{"type":7,"typenum":"","typemoney":""}]},{"name":"双色球","code":"2018118","detailsLink":"/c/2018-10-09/444047.shtml","videoLink":"/c/2018-10-09/444046.shtml","date":"2018-10-09(二)","week":"二","red":"08,12,21,22,27,31","blue":"09","blue2":"","sales":"322015414","poolmoney":"956670540","content":"浙江1注,重庆1注,湖北2注,广东1注,贵州1注,深圳1注,共7注。","addmoney":"","addmoney2":"","msg":"","z2add":"","m2add":"","prizegrades":[{"type":1,"typenum":"7","typemoney":"6907203"},{"type":2,"typenum":"140","typemoney":"119200"},{"type":3,"typenum":"1685","typemoney":"3000"},{"type":4,"typenum":"79887","typemoney":"200"},{"type":5,"typenum":"1378041","typemoney":"10"},{"type":6,"typenum":"11244523","typemoney":"5"},{"type":7,"typenum":"","typemoney":""}]},{"name":"双色球","code":"2018117","detailsLink":"/c/2018-10-07/443937.shtml","videoLink":"/c/2018-10-07/443936.shtml","date":"2018-10-07(日)","week":"日","red":"08,11,15,17,23,25","blue":"05","blue2":"","sales":"340052040","poolmoney":"954956874","content":"北京1注,江苏1注,山东1注,广东1注,四川2注,共6注。","addmoney":"","addmoney2":"","msg":"","z2add":"","m2add":"","prizegrades":[{"type":1,"typenum":"6","typemoney":"7824932"},{"type":2,"typenum":"189","typemoney":"112100"},{"type":3,"typenum":"1376","typemoney":"3000"},{"type":4,"typenum":"73078","typemoney":"200"},{"type":5,"typenum":"1373208","typemoney":"10"},{"type":6,"typenum":"9880371","typemoney":"5"},{"type":7,"typenum":"","typemoney":""}]},{"name":"双色球","code":"2018116","detailsLink":"/c/2018-10-04/443924.shtml","videoLink":"/c/2018-10-04/443923.shtml","date":"2018-10-04(四)","week":"四","red":"05,14,17,22,23,28","blue":"15","blue2":"","sales":"281786404","poolmoney":"938345496","content":"内蒙古5注,黑龙江1注,浙江4注,重庆2注,湖南30注,广西1注,陕西1注,共44注。","addmoney":"","addmoney2":"","msg":"","z2add":"","m2add":"","prizegrades":[{"type":1,"typenum":"44","typemoney":"5308473"},{"type":2,"typenum":"320","typemoney":"53018"},{"type":3,"typenum":"1854","typemoney":"3000"},{"type":4,"typenum":"87979","typemoney":"200"},{"type":5,"typenum":"1424572","typemoney":"10"},{"type":6,"typenum":"6561526","typemoney":"5"},{"type":7,"typenum":"","typemoney":""}]},{"name":"双色球","code":"2018115","detailsLink":"/c/2018-10-02/443914.shtml","videoLink":"/c/2018-10-02/443913.shtml","date":"2018-10-02(二)","week":"二","red":"01,13,19,24,26,29","blue":"11","blue2":"","sales":"273986534","poolmoney":"1121020227","content":"广东1注,共1注。","addmoney":"","addmoney2":"","msg":"","z2add":"","m2add":"","prizegrades":[{"type":1,"typenum":"1","typemoney":"10000000"},{"type":2,"typenum":"52","typemoney":"243906"},{"type":3,"typenum":"971","typemoney":"3000"},{"type":4,"typenum":"53641","typemoney":"200"},{"type":5,"typenum":"1005871","typemoney":"10"},{"type":6,"typenum":"11964173","typemoney":"5"},{"type":7,"typenum":"","typemoney":""}]},{"name":"双色球","code":"2018114","detailsLink":"/c/2018-09-30/443904.shtml","videoLink":"/c/2018-09-30/443903.shtml","date":"2018-09-30(日)","week":"日","red":"01,07,15,16,20,27","blue":"14","blue2":"","sales":"336072030","poolmoney":"1092970758","content":"天津1注,浙江1注,福建1注,四川1注,贵州1注,宁夏1注,共6注。","addmoney":"","addmoney2":"","msg":"","z2add":"","m2add":"","prizegrades":[{"type":1,"typenum":"6","typemoney":"7981155"},{"type":2,"typenum":"203","typemoney":"110141"},{"type":3,"typenum":"1504","typemoney":"3000"},{"type":4,"typenum":"79198","typemoney":"200"},{"type":5,"typenum":"1429733","typemoney":"10"},{"type":6,"typenum":"8118338","typemoney":"5"},{"type":7,"typenum":"","typemoney":""}]},{"name":"双色球","code":"2018113","detailsLink":"/c/2018-09-27/443791.shtml","videoLink":"/c/2018-09-27/443790.shtml","date":"2018-09-27(四)","week":"四","red":"01,06,09,16,25,26","blue":"09","blue2":"","sales":"314160394","poolmoney":"1073781687","content":"北京1注,河北2注,江西5注,广东1注,云南1注,深圳1注,共11注。","addmoney":"","addmoney2":"","msg":"","z2add":"","m2add":"","prizegrades":[{"type":1,"typenum":"11","typemoney":"5895165"},{"type":2,"typenum":"208","typemoney":"59175"},{"type":3,"typenum":"2114","typemoney":"3000"},{"type":4,"typenum":"95883","typemoney":"200"},{"type":5,"typenum":"1532946","typemoney":"10"},{"type":6,"typenum":"12771281","typemoney":"5"},{"type":7,"typenum":"","typemoney":""}]},{"name":"双色球","code":"2018112","detailsLink":"/c/2018-09-25/443681.shtml","videoLink":"/c/2018-09-25/443680.shtml","date":"2018-09-25(二)","week":"二","red":"05,08,18,25,26,31","blue":"04","blue2":"","sales":"302328982","poolmoney":"1101702921","content":"河北1注,辽宁1注,江苏1注,山东1注,湖南2注,四川1注,陕西1注,新疆3注,共11注。","addmoney":"","addmoney2":"","msg":"","z2add":"","m2add":"","prizegrades":[{"type":1,"typenum":"11","typemoney":"6090396"},{"type":2,"typenum":"154","typemoney":"97356"},{"type":3,"typenum":"2009","typemoney":"3000"},{"type":4,"typenum":"87298","typemoney":"200"},{"type":5,"typenum":"1423231","typemoney":"10"},{"type":6,"typenum":"10090100","typemoney":"5"},{"type":7,"typenum":"","typemoney":""}]},{"name":"双色球","code":"2018111","detailsLink":"/c/2018-09-23/443571.shtml","videoLink":"/c/2018-09-23/443570.shtml","date":"2018-09-23(日)","week":"日","red":"01,07,14,24,25,28","blue":"08","blue2":"","sales":"320180512","poolmoney":"1123718442","content":"北京1注,辽宁1注,上海1注,浙江1注,江西1注,山东1注,河南1注,湖南1注,四川2注,陕西1注,共11注。","addmoney":"","addmoney2":"","msg":"","z2add":"","m2add":"","prizegrades":[{"type":1,"typenum":"11","typemoney":"5565493"},{"type":2,"typenum":"143","typemoney":"54374"},{"type":3,"typenum":"2530","typemoney":"3000"},{"type":4,"typenum":"110688","typemoney":"200"},{"type":5,"typenum":"1645121","typemoney":"10"},{"type":6,"typenum":"15921498","typemoney":"5"},{"type":7,"typenum":"","typemoney":""}]},{"name":"双色球","code":"2018110","detailsLink":"/c/2018-09-20/443458.shtml","videoLink":"/c/2018-09-20/443457.shtml","date":"2018-09-20(四)","week":"四","red":"11,13,16,21,22,23","blue":"02","blue2":"","sales":"307066624","poolmoney":"1161612266","content":"吉林1注,重庆1注,共2注。","addmoney":"","addmoney2":"","msg":"","z2add":"","m2add":"","prizegrades":[{"type":1,"typenum":"2","typemoney":"10000000"},{"type":2,"typenum":"66","typemoney":"389022"},{"type":3,"typenum":"694","typemoney":"3000"},{"type":4,"typenum":"38405","typemoney":"200"},{"type":5,"typenum":"809177","typemoney":"10"},{"type":6,"typenum":"5981171","typemoney":"5"},{"type":7,"typenum":"","typemoney":""}]},{"name":"双色球","code":"2018109","detailsLink":"/c/2018-09-18/443248.shtml","videoLink":"/c/2018-09-18/443247.shtml","date":"2018-09-18(二)","week":"二","red":"10,11,18,23,31,33","blue":"15","blue2":"","sales":"306989720","poolmoney":"1104585752","content":"黑龙江1注,江苏1注,山东1注,四川1注,共4注。","addmoney":"","addmoney2":"","msg":"","z2add":"","m2add":"","prizegrades":[{"type":1,"typenum":"4","typemoney":"8282094"},{"type":2,"typenum":"69","typemoney":"237832"},{"type":3,"typenum":"1414","typemoney":"3000"},{"type":4,"typenum":"69239","typemoney":"200"},{"type":5,"typenum":"1227173","typemoney":"10"},{"type":6,"typenum":"10884308","typemoney":"5"},{"type":7,"typenum":"","typemoney":""}]},{"name":"双色球","code":"2018108","detailsLink":"/c/2018-09-16/443138.shtml","videoLink":"/c/2018-09-16/443137.shtml","date":"2018-09-16(日)","week":"日","red":"05,13,18,21,26,30","blue":"02","blue2":"","sales":"322147946","poolmoney":"1088482714","content":"北京1注,河北2注,上海5注,浙江1注,福建1注,山东1注,湖北6注,广西1注,四川1注,贵州1注,陕西1注,甘肃1注,共22注。","addmoney":"","addmoney2":"","msg":"","z2add":"","m2add":"","prizegrades":[{"type":1,"typenum":"22","typemoney":"5859675"},{"type":2,"typenum":"179","typemoney":"132073"},{"type":3,"typenum":"1258","typemoney":"3000"},{"type":4,"typenum":"57356","typemoney":"200"},{"type":5,"typenum":"1045938","typemoney":"10"},{"type":6,"typenum":"7516711","typemoney":"5"},{"type":7,"typenum":"","typemoney":""}]},{"name":"双色球","code":"2018107","detailsLink":"/c/2018-09-13/443125.shtml","videoLink":"/c/2018-09-13/443124.shtml","date":"2018-09-13(四)","week":"四","red":"01,02,05,12,20,22","blue":"01","blue2":"","sales":"317508712","poolmoney":"1146472338","content":"辽宁1注,浙江1注,江西1注,山东1注,广西2注,共6注。","addmoney":"","addmoney2":"","msg":"","z2add":"","m2add":"","prizegrades":[{"type":1,"typenum":"6","typemoney":"8438555"},{"type":2,"typenum":"139","typemoney":"185533"},{"type":3,"typenum":"1012","typemoney":"3000"},{"type":4,"typenum":"53644","typemoney":"200"},{"type":5,"typenum":"1025906","typemoney":"10"},{"type":6,"typenum":"5679746","typemoney":"5"},{"type":7,"typenum":"","typemoney":""}]},{"name":"双色球","code":"2018106","detailsLink":"/c/2018-09-11/443015.shtml","videoLink":"/c/2018-09-11/443014.shtml","date":"2018-09-11(二)","week":"二","red":"04,18,19,24,25,26","blue":"10","blue2":"","sales":"312096980","poolmoney":"1119736168","content":"北京1注,辽宁2注,山东1注,共4注。","addmoney":"","addmoney2":"","msg":"","z2add":"","m2add":"","prizegrades":[{"type":1,"typenum":"4","typemoney":"8430179"},{"type":2,"typenum":"125","typemoney":"137207"},{"type":3,"typenum":"1288","typemoney":"3000"},{"type":4,"typenum":"65367","typemoney":"200"},{"type":5,"typenum":"1179696","typemoney":"10"},{"type":6,"typenum":"11117913","typemoney":"5"},{"type":7,"typenum":"","typemoney":""}]},{"name":"双色球","code":"2018105","detailsLink":"/c/2018-09-09/442905.shtml","videoLink":"/c/2018-09-09/442904.shtml","date":"2018-09-09(日)","week":"日","red":"04,05,13,18,19,25","blue":"01","blue2":"","sales":"343324268","poolmoney":"1102004192","content":"北京1注,上海1注,江苏3注,安徽2注,河南10注,共17注。","addmoney":"","addmoney2":"","msg":"","z2add":"","m2add":"","prizegrades":[{"type":1,"typenum":"17","typemoney":"6257964"},{"type":2,"typenum":"150","typemoney":"178211"},{"type":3,"typenum":"1156","typemoney":"3000"},{"type":4,"typenum":"64608","typemoney":"200"},{"type":5,"typenum":"1355298","typemoney":"10"},{"type":6,"typenum":"6271858","typemoney":"5"},{"type":7,"typenum":"","typemoney":""}]},{"name":"双色球","code":"2018104","detailsLink":"/c/2018-09-06/442792.shtml","videoLink":"/c/2018-09-06/442791.shtml","date":"2018-09-06(四)","week":"四","red":"02,03,06,19,25,29","blue":"01","blue2":"","sales":"312637426","poolmoney":"1128194345","content":"北京1注,辽宁1注,上海1注,山东1注,广东1注,共5注。","addmoney":"","addmoney2":"","msg":"","z2add":"","m2add":"","prizegrades":[{"type":1,"typenum":"5","typemoney":"8635318"},{"type":2,"typenum":"158","typemoney":"143802"},{"type":3,"typenum":"1041","typemoney":"3000"},{"type":4,"typenum":"56456","typemoney":"200"},{"type":5,"typenum":"1088566","typemoney":"10"},{"type":6,"typenum":"7401905","typemoney":"5"},{"type":7,"typenum":"","typemoney":""}]},{"name":"双色球","code":"2018103","detailsLink":"/c/2018-09-04/442682.shtml","videoLink":"/c/2018-09-04/442681.shtml","date":"2018-09-04(二)","week":"二","red":"02,09,15,22,23,24","blue":"16","blue2":"","sales":"314574584","poolmoney":"1103208722","content":"吉林1注,福建1注,江西1注,山东2注,四川1注,新疆1注,共7注。","addmoney":"","addmoney2":"","msg":"","z2add":"","m2add":"","prizegrades":[{"type":1,"typenum":"7","typemoney":"7746753"},{"type":2,"typenum":"111","typemoney":"216523"},{"type":3,"typenum":"1201","typemoney":"3000"},{"type":4,"typenum":"51588","typemoney":"200"},{"type":5,"typenum":"1057007","typemoney":"10"},{"type":6,"typenum":"6702898","typemoney":"5"},{"type":7,"typenum":"","typemoney":""}]},{"name":"双色球","code":"2018102","detailsLink":"/c/2018-09-02/442572.shtml","videoLink":"/c/2018-09-02/442571.shtml","date":"2018-09-02(日)","week":"日","red":"02,06,11,19,21,28","blue":"05","blue2":"","sales":"340812198","poolmoney":"1085333716","content":"浙江1注,福建1注,山东1注,四川1注,共4注。","addmoney":"","addmoney2":"","msg":"","z2add":"","m2add":"","prizegrades":[{"type":1,"typenum":"4","typemoney":"8922949"},{"type":2,"typenum":"163","typemoney":"120335"},{"type":3,"typenum":"1906","typemoney":"3000"},{"type":4,"typenum":"88291","typemoney":"200"},{"type":5,"typenum":"1349901","typemoney":"10"},{"type":6,"typenum":"10332754","typemoney":"5"},{"type":7,"typenum":"","typemoney":""}]},{"name":"双色球","code":"2018101","detailsLink":"/c/2018-08-30/442559.shtml","videoLink":"/c/2018-08-30/442558.shtml","date":"2018-08-30(四)","week":"四","red":"01,03,14,26,29,33","blue":"09","blue2":"","sales":"308676480","poolmoney":"1062181270","content":"河北1注,浙江2注,广东2注,共5注。","addmoney":"","addmoney2":"","msg":"","z2add":"","m2add":"","prizegrades":[{"type":1,"typenum":"5","typemoney":"7864370"},{"type":2,"typenum":"70","typemoney":"255747"},{"type":3,"typenum":"1045","typemoney":"3000"},{"type":4,"typenum":"55885","typemoney":"200"},{"type":5,"typenum":"1041620","typemoney":"10"},{"type":6,"typenum":"10982801","typemoney":"5"},{"type":7,"typenum":"","typemoney":""}]},{"name":"双色球","code":"2018100","detailsLink":"/c/2018-08-28/442449.shtml","videoLink":"/c/2018-08-28/442448.shtml","date":"2018-08-28(二)","week":"二","red":"02,11,14,15,29,33","blue":"02","blue2":"","sales":"309533260","poolmoney":"1047796176","content":"河北1注,山东1注,河南1注,共3注。","addmoney":"","addmoney2":"","msg":"","z2add":"","m2add":"","prizegrades":[{"type":1,"typenum":"3","typemoney":"10000000"},{"type":2,"typenum":"91","typemoney":"234630"},{"type":3,"typenum":"1029","typemoney":"3000"},{"type":4,"typenum":"50558","typemoney":"200"},{"type":5,"typenum":"969856","typemoney":"10"},{"type":6,"typenum":"8673758","typemoney":"5"},{"type":7,"typenum":"","typemoney":""}]},{"name":"双色球","code":"2018099","detailsLink":"/c/2018-08-26/442339.shtml","videoLink":"/c/2018-08-26/442338.shtml","date":"2018-08-26(日)","week":"日","red":"03,07,08,14,25,32","blue":"06","blue2":"","sales":"339383254","poolmoney":"1013742168","content":"河北1注,山西2注,黑龙江1注,浙江1注,安徽1注,湖北1注,广东1注,四川2注,云南1注,新疆1注,共12注。","addmoney":"","addmoney2":"","msg":"","z2add":"","m2add":"","prizegrades":[{"type":1,"typenum":"12","typemoney":"6102840"},{"type":2,"typenum":"242","typemoney":"68357"},{"type":3,"typenum":"2133","typemoney":"3000"},{"type":4,"typenum":"93560","typemoney":"200"},{"type":5,"typenum":"1515096","typemoney":"10"},{"type":6,"typenum":"11973080","typemoney":"5"},{"type":7,"typenum":"","typemoney":""}]},{"name":"双色球","code":"2018098","detailsLink":"/c/2018-08-23/442226.shtml","videoLink":"/c/2018-08-23/442225.shtml","date":"2018-08-23(四)","week":"四","red":"06,10,11,20,29,32","blue":"13","blue2":"","sales":"314746902","poolmoney":"1037348433","content":"山西2注,辽宁1注,江苏1注,安徽2注,福建1注,山东1注,重庆1注,共9注。","addmoney":"","addmoney2":"","msg":"","z2add":"","m2add":"","prizegrades":[{"type":1,"typenum":"9","typemoney":"7336982"},{"type":2,"typenum":"125","typemoney":"210328"},{"type":3,"typenum":"795","typemoney":"3000"},{"type":4,"typenum":"48471","typemoney":"200"},{"type":5,"typenum":"1015318","typemoney":"10"},{"type":6,"typenum":"5365882","typemoney":"5"},{"type":7,"typenum":"","typemoney":""}]},{"name":"双色球","code":"2018097","detailsLink":"/c/2018-08-21/442116.shtml","videoLink":"/c/2018-08-21/442115.shtml","date":"2018-08-21(二)","week":"二","red":"01,02,17,20,25,28","blue":"13","blue2":"","sales":"313501772","poolmoney":"1024508131","content":"广东1注,共1注。","addmoney":"","addmoney2":"","msg":"","z2add":"","m2add":"","prizegrades":[{"type":1,"typenum":"1","typemoney":"10000000"},{"type":2,"typenum":"38","typemoney":"607210"},{"type":3,"typenum":"761","typemoney":"3000"},{"type":4,"typenum":"41000","typemoney":"200"},{"type":5,"typenum":"850284","typemoney":"10"},{"type":6,"typenum":"8466804","typemoney":"5"},{"type":7,"typenum":"","typemoney":""}]},{"name":"双色球","code":"2018096","detailsLink":"/c/2018-08-19/442006.shtml","videoLink":"/c/2018-08-19/442005.shtml","date":"2018-08-19(日)","week":"日","red":"01,05,09,20,28,32","blue":"12","blue2":"","sales":"338691852","poolmoney":"965286126","content":"上海1注,江苏1注,浙江1注,河南1注,广东3注,四川7注,贵州5注,云南1注,甘肃1注,青海1注,新疆1注,共23注。","addmoney":"","addmoney2":"","msg":"","z2add":"","m2add":"","prizegrades":[{"type":1,"typenum":"23","typemoney":"5556088"},{"type":2,"typenum":"150","typemoney":"106583"},{"type":3,"typenum":"2148","typemoney":"3000"},{"type":4,"typenum":"94866","typemoney":"200"},{"type":5,"typenum":"1573665","typemoney":"10"},{"type":6,"typenum":"12170988","typemoney":"5"},{"type":7,"typenum":"","typemoney":""}]},{"name":"双色球","code":"2018095","detailsLink":"/c/2018-08-16/441993.shtml","videoLink":"/c/2018-08-16/441992.shtml","date":"2018-08-16(四)","week":"四","red":"10,11,12,21,26,33","blue":"09","blue2":"","sales":"320539494","poolmoney":"1045113520","content":"辽宁2注,福建1注,广东1注,共4注。","addmoney":"","addmoney2":"","msg":"","z2add":"","m2add":"","prizegrades":[{"type":1,"typenum":"4","typemoney":"8780501"},{"type":2,"typenum":"87","typemoney":"217270"},{"type":3,"typenum":"1189","typemoney":"3000"},{"type":4,"typenum":"62527","typemoney":"200"},{"type":5,"typenum":"1138281","typemoney":"10"},{"type":6,"typenum":"10799822","typemoney":"5"},{"type":7,"typenum":"","typemoney":""}]},{"name":"双色球","code":"2018094","detailsLink":"/c/2018-08-14/441883.shtml","videoLink":"/c/2018-08-14/441882.shtml","date":"2018-08-14(二)","week":"二","red":"04,07,16,20,24,30","blue":"05","blue2":"","sales":"314204036","poolmoney":"1023528004","content":"共0注。","addmoney":"","addmoney2":"","msg":"","z2add":"","m2add":"","prizegrades":[{"type":1,"typenum":"0","typemoney":"0"},{"type":2,"typenum":"148","typemoney":"137747"},{"type":3,"typenum":"1301","typemoney":"3000"},{"type":4,"typenum":"62638","typemoney":"200"},{"type":5,"typenum":"1144407","typemoney":"10"},{"type":6,"typenum":"8907745","typemoney":"5"},{"type":7,"typenum":"","typemoney":""}]},{"name":"双色球","code":"2018093","detailsLink":"/c/2018-08-12/441773.shtml","videoLink":"/c/2018-08-12/441772.shtml","date":"2018-08-12(日)","week":"日","red":"04,18,20,21,29,33","blue":"07","blue2":"","sales":"341609166","poolmoney":"962368068","content":"上海1注,浙江1注,贵州1注,共3注。","addmoney":"","addmoney2":"","msg":"","z2add":"","m2add":"","prizegrades":[{"type":1,"typenum":"3","typemoney":"10000000"},{"type":2,"typenum":"78","typemoney":"304804"},{"type":3,"typenum":"747","typemoney":"3000"},{"type":4,"typenum":"47738","typemoney":"200"},{"type":5,"typenum":"1003656","typemoney":"10"},{"type":6,"typenum":"10092865","typemoney":"5"},{"type":7,"typenum":"","typemoney":""}]},{"name":"双色球","code":"2018092","detailsLink":"/c/2018-08-09/441660.shtml","videoLink":"/c/2018-08-09/441659.shtml","date":"2018-08-09(四)","week":"四","red":"06,10,16,19,24,33","blue":"16","blue2":"","sales":"318819890","poolmoney":"921043817","content":"天津1注,共1注。","addmoney":"","addmoney2":"","msg":"","z2add":"","m2add":"","prizegrades":[{"type":1,"typenum":"1","typemoney":"10000000"},{"type":2,"typenum":"95","typemoney":"269198"},{"type":3,"typenum":"882","typemoney":"3000"},{"type":4,"typenum":"45660","typemoney":"200"},{"type":5,"typenum":"920834","typemoney":"10"},{"type":6,"typenum":"6587980","typemoney":"5"},{"type":7,"typenum":"","typemoney":""}]},{"name":"双色球","code":"2018091","detailsLink":"/c/2018-08-07/441550.shtml","videoLink":"/c/2018-08-07/441549.shtml","date":"2018-08-07(二)","week":"二","red":"06,11,13,17,25,32","blue":"07","blue2":"","sales":"315853082","poolmoney":"854322188","content":"北京1注,江苏1注,浙江2注,共4注。","addmoney":"","addmoney2":"","msg":"","z2add":"","m2add":"","prizegrades":[{"type":1,"typenum":"4","typemoney":"8999907"},{"type":2,"typenum":"81","typemoney":"246907"},{"type":3,"typenum":"1107","typemoney":"3000"},{"type":4,"typenum":"62581","typemoney":"200"},{"type":5,"typenum":"1173384","typemoney":"10"},{"type":6,"typenum":"9439766","typemoney":"5"},{"type":7,"typenum":"","typemoney":""}]},{"name":"双色球","code":"2018090","detailsLink":"/c/2018-08-05/441440.shtml","videoLink":"/c/2018-08-05/441439.shtml","date":"2018-08-05(日)","week":"日","red":"01,02,04,10,14,23","blue":"07","blue2":"","sales":"340370390","poolmoney":"830323212","content":"北京3注,辽宁3注,安徽1注,福建1注,江西1注,山东1注,湖南1注,云南1注,共12注。","addmoney":"","addmoney2":"","msg":"","z2add":"","m2add":"","prizegrades":[{"type":1,"typenum":"12","typemoney":"5776285"},{"type":2,"typenum":"85","typemoney":"136991"},{"type":3,"typenum":"1895","typemoney":"3000"},{"type":4,"typenum":"88102","typemoney":"200"},{"type":5,"typenum":"1484920","typemoney":"10"},{"type":6,"typenum":"16409951","typemoney":"5"},{"type":7,"typenum":"","typemoney":""}]},{"name":"双色球","code":"2018089","detailsLink":"/c/2018-08-02/441427.shtml","videoLink":"/c/2018-08-02/441426.shtml","date":"2018-08-02(四)","week":"四","red":"06,09,12,14,18,27","blue":"14","blue2":"","sales":"312432712","poolmoney":"864705795","content":"山西1注,江苏1注,浙江1注,重庆1注,陕西1注,共5注。","addmoney":"","addmoney2":"","msg":"","z2add":"","m2add":"","prizegrades":[{"type":1,"typenum":"5","typemoney":"9128194"},{"type":2,"typenum":"172","typemoney":"150007"},{"type":3,"typenum":"875","typemoney":"3000"},{"type":4,"typenum":"58019","typemoney":"200"},{"type":5,"typenum":"1261577","typemoney":"10"},{"type":6,"typenum":"4608518","typemoney":"5"},{"type":7,"typenum":"","typemoney":""}]},{"name":"双色球","code":"2018088","detailsLink":"/c/2018-07-31/441317.shtml","videoLink":"/c/2018-07-31/441316.shtml","date":"2018-07-31(二)","week":"二","red":"03,05,12,29,30,32","blue":"14","blue2":"","sales":"315199378","poolmoney":"832943120","content":"山西1注,浙江1注,湖北1注,湖南1注,广东4注,共8注。","addmoney":"","addmoney2":"","msg":"","z2add":"","m2add":"","prizegrades":[{"type":1,"typenum":"8","typemoney":"7319478"},{"type":2,"typenum":"69","typemoney":"336156"},{"type":3,"typenum":"880","typemoney":"3000"},{"type":4,"typenum":"49122","typemoney":"200"},{"type":5,"typenum":"1032477","typemoney":"10"},{"type":6,"typenum":"7775876","typemoney":"5"},{"type":7,"typenum":"","typemoney":""}]},{"name":"双色球","code":"2018087","detailsLink":"/c/2018-07-29/441207.shtml","videoLink":"/c/2018-07-29/441206.shtml","date":"2018-07-29(日)","week":"日","red":"01,05,10,16,18,31","blue":"03","blue2":"","sales":"348603358","poolmoney":"821914596","content":"重庆2注,甘肃1注,共3注。","addmoney":"","addmoney2":"","msg":"","z2add":"","m2add":"","prizegrades":[{"type":1,"typenum":"3","typemoney":"10000000"},{"type":2,"typenum":"74","typemoney":"382259"},{"type":3,"typenum":"869","typemoney":"3000"},{"type":4,"typenum":"48325","typemoney":"200"},{"type":5,"typenum":"1031573","typemoney":"10"},{"type":6,"typenum":"7015801","typemoney":"5"},{"type":7,"typenum":"","typemoney":""}]},{"name":"双色球","code":"2018086","detailsLink":"/c/2018-07-26/441194.shtml","videoLink":"/c/2018-07-26/441193.shtml","date":"2018-07-26(四)","week":"四","red":"02,07,17,21,23,26","blue":"16","blue2":"","sales":"322631262","poolmoney":"767052918","content":"江苏1注,浙江2注,安徽1注,湖北1注,广东2注,陕西1注,深圳10注,共18注。","addmoney":"","addmoney2":"","msg":"","z2add":"","m2add":"","prizegrades":[{"type":1,"typenum":"18","typemoney":"5839185"},{"type":2,"typenum":"109","typemoney":"173226"},{"type":3,"typenum":"1524","typemoney":"3000"},{"type":4,"typenum":"70680","typemoney":"200"},{"type":5,"typenum":"1280294","typemoney":"10"},{"type":6,"typenum":"10210345","typemoney":"5"},{"type":7,"typenum":"","typemoney":""}]},{"name":"双色球","code":"2018085","detailsLink":"/c/2018-07-24/441084.shtml","videoLink":"/c/2018-07-24/441083.shtml","date":"2018-07-24(二)","week":"二","red":"04,10,25,26,30,33","blue":"06","blue2":"","sales":"322576362","poolmoney":"815513264","content":"天津1注,浙江1注,重庆1注,广西3注,云南2注,共8注。","addmoney":"","addmoney2":"","msg":"","z2add":"","m2add":"","prizegrades":[{"type":1,"typenum":"8","typemoney":"6541028"},{"type":2,"typenum":"88","typemoney":"175116"},{"type":3,"typenum":"1323","typemoney":"3000"},{"type":4,"typenum":"64697","typemoney":"200"},{"type":5,"typenum":"1193589","typemoney":"10"},{"type":6,"typenum":"13515399","typemoney":"5"},{"type":7,"typenum":"","typemoney":""}]},{"name":"双色球","code":"2018084","detailsLink":"/c/2018-07-22/440974.shtml","videoLink":"/c/2018-07-22/440973.shtml","date":"2018-07-22(日)","week":"日","red":"05,06,08,12,22,24","blue":"03","blue2":"","sales":"347865554","poolmoney":"821610647","content":"北京1注,内蒙古1注,黑龙江1注,上海1注,福建1注,江西1注,山东2注,河南1注,湖北1注,广东1注,云南1注,甘肃1注,共13注。","addmoney":"","addmoney2":"","msg":"","z2add":"","m2add":"","prizegrades":[{"type":1,"typenum":"13","typemoney":"6216121"},{"type":2,"typenum":"249","typemoney":"79365"},{"type":3,"typenum":"3816","typemoney":"3000"},{"type":4,"typenum":"123756","typemoney":"200"},{"type":5,"typenum":"1810095","typemoney":"10"},{"type":6,"typenum":"7421218","typemoney":"5"},{"type":7,"typenum":"","typemoney":""}]},{"name":"双色球","code":"2018083","detailsLink":"/c/2018-07-19/440861.shtml","videoLink":"/c/2018-07-19/440860.shtml","date":"2018-07-19(四)","week":"四","red":"04,09,18,21,32,33","blue":"03","blue2":"","sales":"323565026","poolmoney":"843134325","content":"江苏2注,广东8注,云南1注,共11注。","addmoney":"","addmoney2":"","msg":"","z2add":"","m2add":"","prizegrades":[{"type":1,"typenum":"11","typemoney":"6964663"},{"type":2,"typenum":"126","typemoney":"214397"},{"type":3,"typenum":"650","typemoney":"3000"},{"type":4,"typenum":"44444","typemoney":"200"},{"type":5,"typenum":"981003","typemoney":"10"},{"type":6,"typenum":"5968307","typemoney":"5"},{"type":7,"typenum":"","typemoney":""}]},{"name":"双色球","code":"2018082","detailsLink":"/c/2018-07-17/440751.shtml","videoLink":"/c/2018-07-17/440750.shtml","date":"2018-07-17(二)","week":"二","red":"06,12,14,20,22,24","blue":"09","blue2":"","sales":"319081284","poolmoney":"838703256","content":"河北3注,浙江1注,河南3注,四川1注,共8注。","addmoney":"","addmoney2":"","msg":"","z2add":"","m2add":"","prizegrades":[{"type":1,"typenum":"8","typemoney":"6895145"},{"type":2,"typenum":"140","typemoney":"135367"},{"type":3,"typenum":"1364","typemoney":"3000"},{"type":4,"typenum":"61802","typemoney":"200"},{"type":5,"typenum":"1088841","typemoney":"10"},{"type":6,"typenum":"10640637","typemoney":"5"},{"type":7,"typenum":"","typemoney":""}]},{"name":"双色球","code":"2018081","detailsLink":"/c/2018-07-15/440741.shtml","videoLink":"/c/2018-07-15/440740.shtml","date":"2018-07-15(日)","week":"日","red":"01,02,12,16,20,26","blue":"03","blue2":"","sales":"349698540","poolmoney":"837010055","content":"山西1注,吉林1注,上海2注,陕西1注,共5注。","addmoney":"","addmoney2":"","msg":"","z2add":"","m2add":"","prizegrades":[{"type":1,"typenum":"5","typemoney":"9113851"},{"type":2,"typenum":"154","typemoney":"166958"},{"type":3,"typenum":"1488","typemoney":"3000"},{"type":4,"typenum":"66828","typemoney":"200"},{"type":5,"typenum":"1261360","typemoney":"10"},{"type":6,"typenum":"7612560","typemoney":"5"},{"type":7,"typenum":"","typemoney":""}]},{"name":"双色球","code":"2018080","detailsLink":"/c/2018-07-12/440628.shtml","videoLink":"/c/2018-07-12/440627.shtml","date":"2018-07-12(四)","week":"四","red":"04,07,13,20,29,33","blue":"03","blue2":"","sales":"325310442","poolmoney":"805444602","content":"河北2注,浙江1注,重庆1注,湖南1注,广西1注,共6注。","addmoney":"","addmoney2":"","msg":"","z2add":"","m2add":"","prizegrades":[{"type":1,"typenum":"6","typemoney":"8230212"},{"type":2,"typenum":"128","typemoney":"189270"},{"type":3,"typenum":"1015","typemoney":"3000"},{"type":4,"typenum":"56290","typemoney":"200"},{"type":5,"typenum":"1090402","typemoney":"10"},{"type":6,"typenum":"7457743","typemoney":"5"},{"type":7,"typenum":"","typemoney":""}]},{"name":"双色球","code":"2018079","detailsLink":"/c/2018-07-10/440518.shtml","videoLink":"/c/2018-07-10/440517.shtml","date":"2018-07-10(二)","week":"二","red":"14,15,17,22,24,29","blue":"13","blue2":"","sales":"327442428","poolmoney":"782146094","content":"浙江1注,福建1注,共2注。","addmoney":"","addmoney2":"","msg":"","z2add":"","m2add":"","prizegrades":[{"type":1,"typenum":"2","typemoney":"10000000"},{"type":2,"typenum":"77","typemoney":"347163"},{"type":3,"typenum":"733","typemoney":"3000"},{"type":4,"typenum":"44442","typemoney":"200"},{"type":5,"typenum":"936505","typemoney":"10"},{"type":6,"typenum":"6613609","typemoney":"5"},{"type":7,"typenum":"","typemoney":""}]},{"name":"双色球","code":"2018078","detailsLink":"/c/2018-07-08/440408.shtml","videoLink":"/c/2018-07-08/440407.shtml","date":"2018-07-08(日)","week":"日","red":"03,10,14,17,18,30","blue":"12","blue2":"","sales":"358569878","poolmoney":"721951374","content":"内蒙古1注,吉林1注,江苏1注,浙江2注,山东1注,共6注。","addmoney":"","addmoney2":"","msg":"","z2add":"","m2add":"","prizegrades":[{"type":1,"typenum":"6","typemoney":"7550329"},{"type":2,"typenum":"204","typemoney":"93762"},{"type":3,"typenum":"1704","typemoney":"3000"},{"type":4,"typenum":"85462","typemoney":"200"},{"type":5,"typenum":"1536502","typemoney":"10"},{"type":6,"typenum":"12323987","typemoney":"5"},{"type":7,"typenum":"","typemoney":""}]},{"name":"双色球","code":"2018077","detailsLink":"/c/2018-07-05/440295.shtml","videoLink":"/c/2018-07-05/440294.shtml","date":"2018-07-05(四)","week":"四","red":"02,05,09,15,20,24","blue":"10","blue2":"","sales":"327832004","poolmoney":"709870938","content":"河北2注,辽宁1注,浙江1注,重庆1注,广西1注,四川1注,共7注。","addmoney":"","addmoney2":"","msg":"","z2add":"","m2add":"","prizegrades":[{"type":1,"typenum":"7","typemoney":"7421960"},{"type":2,"typenum":"109","typemoney":"194423"},{"type":3,"typenum":"1536","typemoney":"3000"},{"type":4,"typenum":"71795","typemoney":"200"},{"type":5,"typenum":"1264980","typemoney":"10"},{"type":6,"typenum":"8850455","typemoney":"5"},{"type":7,"typenum":"","typemoney":""}]},{"name":"双色球","code":"2018076","detailsLink":"/c/2018-07-03/440185.shtml","videoLink":"/c/2018-07-03/440184.shtml","date":"2018-07-03(二)","week":"二","red":"03,07,08,15,29,30","blue":"13","blue2":"","sales":"327873252","poolmoney":"698248210","content":"河北3注,辽宁4注,吉林1注,黑龙江2注,山东1注,河南1注,湖北2注,湖南2注,广东1注,海南1注,四川1注,贵州1注,云南1注,深圳1注,共22注。","addmoney":"","addmoney2":"","msg":"","z2add":"","m2add":"","prizegrades":[{"type":1,"typenum":"22","typemoney":"5565528"},{"type":2,"typenum":"363","typemoney":"42843"},{"type":3,"typenum":"3328","typemoney":"3000"},{"type":4,"typenum":"126338","typemoney":"200"},{"type":5,"typenum":"1916957","typemoney":"10"},{"type":6,"typenum":"8805727","typemoney":"5"},{"type":7,"typenum":"","typemoney":""}]},{"name":"双色球","code":"2018075","detailsLink":"/c/2018-07-01/440075.shtml","videoLink":"/c/2018-07-01/440074.shtml","date":"2018-07-01(日)","week":"日","red":"07,09,12,13,22,24","blue":"11","blue2":"","sales":"356378720","poolmoney":"774033783","content":"上海5注,江苏1注,山东1注,重庆1注,广东4注,广西1注,四川1注,陕西3注,共17注。","addmoney":"","addmoney2":"","msg":"","z2add":"","m2add":"","prizegrades":[{"type":1,"typenum":"17","typemoney":"5972248"},{"type":2,"typenum":"120","typemoney":"172168"},{"type":3,"typenum":"1906","typemoney":"3000"},{"type":4,"typenum":"83702","typemoney":"200"},{"type":5,"typenum":"1497736","typemoney":"10"},{"type":6,"typenum":"10909744","typemoney":"5"},{"type":7,"typenum":"","typemoney":""}]},{"name":"双色球","code":"2018074","detailsLink":"/c/2018-06-28/440062.shtml","videoLink":"/c/2018-06-28/440061.shtml","date":"2018-06-28(四)","week":"四","red":"09,11,14,20,27,30","blue":"09","blue2":"","sales":"327800026","poolmoney":"813581190","content":"辽宁1注,黑龙江1注,江苏1注,浙江1注,安徽1注,山东2注,云南1注,陕西1注,共9注。","addmoney":"","addmoney2":"","msg":"","z2add":"","m2add":"","prizegrades":[{"type":1,"typenum":"9","typemoney":"6057912"},{"type":2,"typenum":"120","typemoney":"99179"},{"type":3,"typenum":"2196","typemoney":"3000"},{"type":4,"typenum":"88763","typemoney":"200"},{"type":5,"typenum":"1439570","typemoney":"10"},{"type":6,"typenum":"14855930","typemoney":"5"},{"type":7,"typenum":"","typemoney":""}]},{"name":"双色球","code":"2018073","detailsLink":"/c/2018-06-26/439851.shtml","videoLink":"/c/2018-06-26/439854.shtml","date":"2018-06-26(二)","week":"二","red":"02,09,14,15,16,23","blue":"10","blue2":"","sales":"329645754","poolmoney":"832397856","content":"河北2注,内蒙古2注,江西3注,山东1注,共8注。","addmoney":"","addmoney2":"","msg":"","z2add":"","m2add":"","prizegrades":[{"type":1,"typenum":"8","typemoney":"7236302"},{"type":2,"typenum":"104","typemoney":"215029"},{"type":3,"typenum":"1414","typemoney":"3000"},{"type":4,"typenum":"66180","typemoney":"200"},{"type":5,"typenum":"1191543","typemoney":"10"},{"type":6,"typenum":"8536177","typemoney":"5"},{"type":7,"typenum":"","typemoney":""}]},{"name":"双色球","code":"2018072","detailsLink":"/c/2018-06-24/439742.shtml","videoLink":"/c/2018-06-24/439741.shtml","date":"2018-06-24(日)","week":"日","red":"11,16,19,22,25,30","blue":"08","blue2":"","sales":"372281494","poolmoney":"823199206","content":"河北1注,内蒙古1注,黑龙江1注,浙江1注,安徽1注,山东1注,湖北2注,广东1注,广西5注,贵州1注,云南1注,陕西1注,新疆2注,共19注。","addmoney":"","addmoney2":"","msg":"","z2add":"","m2add":"","prizegrades":[{"type":1,"typenum":"19","typemoney":"5128649"},{"type":2,"typenum":"101","typemoney":"30251"},{"type":3,"typenum":"2422","typemoney":"3000"},{"type":4,"typenum":"108318","typemoney":"200"},{"type":5,"typenum":"1714720","typemoney":"10"},{"type":6,"typenum":"24823882","typemoney":"5"},{"type":7,"typenum":"","typemoney":""}]},{"name":"双色球","code":"2018071","detailsLink":"/c/2018-06-21/439629.shtml","videoLink":"/c/2018-06-21/439628.shtml","date":"2018-06-21(四)","week":"四","red":"02,05,06,13,16,19","blue":"03","blue2":"","sales":"348880396","poolmoney":"911477268","content":"黑龙江4注,江苏1注,浙江2注,安徽1注,重庆1注,共9注。","addmoney":"","addmoney2":"","msg":"","z2add":"","m2add":"","prizegrades":[{"type":1,"typenum":"9","typemoney":"6963036"},{"type":2,"typenum":"110","typemoney":"200765"},{"type":3,"typenum":"1326","typemoney":"3000"},{"type":4,"typenum":"68901","typemoney":"200"},{"type":5,"typenum":"1255608","typemoney":"10"},{"type":6,"typenum":"10460093","typemoney":"5"},{"type":7,"typenum":"","typemoney":""}]},{"name":"双色球","code":"2018070","detailsLink":"/c/2018-06-19/439419.shtml","videoLink":"/c/2018-06-19/439418.shtml","date":"2018-06-19(二)","week":"二","red":"04,09,15,16,19,27","blue":"10","blue2":"","sales":"339461364","poolmoney":"907892115","content":"内蒙古1注,上海1注,安徽1注,江西2注,广西2注,宁夏6注,共13注。","addmoney":"","addmoney2":"","msg":"","z2add":"","m2add":"","prizegrades":[{"type":1,"typenum":"13","typemoney":"6439454"},{"type":2,"typenum":"138","typemoney":"169500"},{"type":3,"typenum":"1671","typemoney":"3000"},{"type":4,"typenum":"76700","typemoney":"200"},{"type":5,"typenum":"1336647","typemoney":"10"},{"type":6,"typenum":"7810410","typemoney":"5"},{"type":7,"typenum":"","typemoney":""}]},{"name":"双色球","code":"2018069","detailsLink":"/c/2018-06-17/439409.shtml","videoLink":"/c/2018-06-17/439408.shtml","date":"2018-06-17(日)","week":"日","red":"06,13,17,19,23,31","blue":"12","blue2":"","sales":"355213336","poolmoney":"921431615","content":"浙江2注,重庆1注,广东1注,广西1注,共5注。","addmoney":"","addmoney2":"","msg":"","z2add":"","m2add":"","prizegrades":[{"type":1,"typenum":"5","typemoney":"8350663"},{"type":2,"typenum":"126","typemoney":"166203"},{"type":3,"typenum":"2076","typemoney":"3000"},{"type":4,"typenum":"88941","typemoney":"200"},{"type":5,"typenum":"1509508","typemoney":"10"},{"type":6,"typenum":"10235335","typemoney":"5"},{"type":7,"typenum":"","typemoney":""}]},{"name":"双色球","code":"2018068","detailsLink":"/c/2018-06-14/439296.shtml","videoLink":"/c/2018-06-14/439295.shtml","date":"2018-06-14(四)","week":"四","red":"08,10,17,20,27,30","blue":"01","blue2":"","sales":"332649368","poolmoney":"900360000","content":"北京1注,湖南1注,广东1注,共3注。","addmoney":"","addmoney2":"","msg":"","z2add":"","m2add":"","prizegrades":[{"type":1,"typenum":"3","typemoney":"10000000"},{"type":2,"typenum":"225","typemoney":"106134"},{"type":3,"typenum":"1301","typemoney":"3000"},{"type":4,"typenum":"74098","typemoney":"200"},{"type":5,"typenum":"1406781","typemoney":"10"},{"type":6,"typenum":"6937355","typemoney":"5"},{"type":7,"typenum":"","typemoney":""}]},{"name":"双色球","code":"2018067","detailsLink":"/c/2018-06-12/439186.shtml","videoLink":"/c/2018-06-12/439185.shtml","date":"2018-06-12(二)","week":"二","red":"01,04,09,12,15,18","blue":"05","blue2":"","sales":"324647042","poolmoney":"858719248","content":"北京1注,安徽1注,山东2注,海南1注,贵州1注,云南1注,新疆1注,共8注。","addmoney":"","addmoney2":"","msg":"","z2add":"","m2add":"","prizegrades":[{"type":1,"typenum":"8","typemoney":"7355099"},{"type":2,"typenum":"122","typemoney":"193040"},{"type":3,"typenum":"940","typemoney":"3000"},{"type":4,"typenum":"54874","typemoney":"200"},{"type":5,"typenum":"1102829","typemoney":"10"},{"type":6,"typenum":"8009998","typemoney":"5"},{"type":7,"typenum":"","typemoney":""}]},{"name":"双色球","code":"2018066","detailsLink":"/c/2018-06-10/438376.shtml","videoLink":"/c/2018-06-10/438375.shtml","date":"2018-06-10(日)","week":"日","red":"09,16,17,19,22,26","blue":"10","blue2":"","sales":"357968382","poolmoney":"846907070","content":"浙江1注,江西5注,广东3注,四川1注,共10注。","addmoney":"","addmoney2":"","msg":"","z2add":"","m2add":"","prizegrades":[{"type":1,"typenum":"10","typemoney":"6805079"},{"type":2,"typenum":"195","typemoney":"115710"},{"type":3,"typenum":"1596","typemoney":"3000"},{"type":4,"typenum":"86417","typemoney":"200"},{"type":5,"typenum":"1394666","typemoney":"10"},{"type":6,"typenum":"9826493","typemoney":"5"},{"type":7,"typenum":"","typemoney":""}]},{"name":"双色球","code":"2018065","detailsLink":"/c/2018-06-07/438362.shtml","videoLink":"","date":"2018-06-07(四)","week":"四","red":"01,04,06,14,28,33","blue":"01","blue2":"","sales":"329937636","poolmoney":"847267386","content":"北京1注,内蒙古1注,安徽1注,广东1注,四川2注,共6注。","addmoney":"","addmoney2":"","msg":"","z2add":"","m2add":"","prizegrades":[{"type":1,"typenum":"6","typemoney":"8384489"},{"type":2,"typenum":"123","typemoney":"206371"},{"type":3,"typenum":"1178","typemoney":"3000"},{"type":4,"typenum":"57833","typemoney":"200"},{"type":5,"typenum":"1191247","typemoney":"10"},{"type":6,"typenum":"6624335","typemoney":"5"},{"type":7,"typenum":"","typemoney":""}]},{"name":"双色球","code":"2018064","detailsLink":"/c/2018-06-05/438153.shtml","videoLink":"/c/2018-06-05/438152.shtml","date":"2018-06-05(二)","week":"二","red":"02,05,10,11,17,21","blue":"05","blue2":"","sales":"329557586","poolmoney":"821423304","content":"北京1注,河北1注,辽宁1注,浙江1注,山东1注,湖北1注,广东1注,广西2注,四川1注,甘肃1注,深圳1注,共12注。","addmoney":"","addmoney2":"","msg":"","z2add":"","m2add":"","prizegrades":[{"type":1,"typenum":"12","typemoney":"6202837"},{"type":2,"typenum":"149","typemoney":"121091"},{"type":3,"typenum":"1887","typemoney":"3000"},{"type":4,"typenum":"83875","typemoney":"200"},{"type":5,"typenum":"1365258","typemoney":"10"},{"type":6,"typenum":"10644878","typemoney":"5"},{"type":7,"typenum":"","typemoney":""}]},{"name":"双色球","code":"2018063","detailsLink":"/c/2018-06-03/438043.shtml","videoLink":"/c/2018-06-03/438042.shtml","date":"2018-06-03(日)","week":"日","red":"05,06,10,16,20,25","blue":"12","blue2":"","sales":"358387608","poolmoney":"841729671","content":"河北1注,辽宁1注,上海1注,浙江5注,福建5注,山东2注,河南2注,湖北3注,湖南1注,广东1注,广西1注,四川1注,宁夏2注,深圳1注,共27注。","addmoney":"","addmoney2":"","msg":"","z2add":"","m2add":"","prizegrades":[{"type":1,"typenum":"27","typemoney":"5291294"},{"type":2,"typenum":"315","typemoney":"31210"},{"type":3,"typenum":"4323","typemoney":"3000"},{"type":4,"typenum":"164357","typemoney":"200"},{"type":5,"typenum":"2253080","typemoney":"10"},{"type":6,"typenum":"13582794","typemoney":"5"},{"type":7,"typenum":"","typemoney":""}]},{"name":"双色球","code":"2018062","detailsLink":"/c/2018-05-31/437930.shtml","videoLink":"/c/2018-05-31/437929.shtml","date":"2018-05-31(四)","week":"四","red":"02,18,19,24,25,33","blue":"11","blue2":"","sales":"326938646","poolmoney":"955101072","content":"山东1注,重庆1注,广西1注,四川2注,甘肃1注,共6注。","addmoney":"","addmoney2":"","msg":"","z2add":"","m2add":"","prizegrades":[{"type":1,"typenum":"6","typemoney":"8244701"},{"type":2,"typenum":"109","typemoney":"223259"},{"type":3,"typenum":"915","typemoney":"3000"},{"type":4,"typenum":"55290","typemoney":"200"},{"type":5,"typenum":"1132775","typemoney":"10"},{"type":6,"typenum":"7545627","typemoney":"5"},{"type":7,"typenum":"","typemoney":""}]},{"name":"双色球","code":"2018061","detailsLink":"/c/2018-05-29/437820.shtml","videoLink":"/c/2018-05-29/437819.shtml","date":"2018-05-29(二)","week":"二","red":"09,10,11,12,18,23","blue":"07","blue2":"","sales":"332550974","poolmoney":"931563495","content":"河北1注,山西1注,上海1注,江苏2注,浙江1注,重庆1注,湖北2注,广东4注,四川1注,贵州1注,共15注。","addmoney":"","addmoney2":"","msg":"","z2add":"","m2add":"","prizegrades":[{"type":1,"typenum":"15","typemoney":"5915270"},{"type":2,"typenum":"213","typemoney":"80569"},{"type":3,"typenum":"2086","typemoney":"3000"},{"type":4,"typenum":"109024","typemoney":"200"},{"type":5,"typenum":"1821534","typemoney":"10"},{"type":6,"typenum":"9605304","typemoney":"5"},{"type":7,"typenum":"","typemoney":""}]},{"name":"双色球","code":"2018060","detailsLink":"/c/2018-05-27/437710.shtml","videoLink":"/c/2018-05-27/437709.shtml","date":"2018-05-27(日)","week":"日","red":"04,08,13,25,30,31","blue":"10","blue2":"","sales":"364451892","poolmoney":"968808575","content":"辽宁1注,江苏1注,福建1注,湖北1注,广东1注,共5注。","addmoney":"","addmoney2":"","msg":"","z2add":"","m2add":"","prizegrades":[{"type":1,"typenum":"5","typemoney":"8071749"},{"type":2,"typenum":"111","typemoney":"172958"},{"type":3,"typenum":"1705","typemoney":"3000"},{"type":4,"typenum":"78189","typemoney":"200"},{"type":5,"typenum":"1363584","typemoney":"10"},{"type":6,"typenum":"13479808","typemoney":"5"},{"type":7,"typenum":"","typemoney":""}]},{"name":"双色球","code":"2018059","detailsLink":"/c/2018-05-24/437697.shtml","videoLink":"/c/2018-05-24/437696.shtml","date":"2018-05-24(四)","week":"四","red":"04,06,08,13,22,32","blue":"11","blue2":"","sales":"335528070","poolmoney":"951572015","content":"山西1注,江苏1注,贵州1注,云南1注,甘肃1注,共5注。","addmoney":"","addmoney2":"","msg":"","z2add":"","m2add":"","prizegrades":[{"type":1,"typenum":"5","typemoney":"7926005"},{"type":2,"typenum":"69","typemoney":"265036"},{"type":3,"typenum":"1340","typemoney":"3000"},{"type":4,"typenum":"71899","typemoney":"200"},{"type":5,"typenum":"1341802","typemoney":"10"},{"type":6,"typenum":"11888157","typemoney":"5"},{"type":7,"typenum":"","typemoney":""}]},{"name":"双色球","code":"2018058","detailsLink":"/c/2018-05-22/437487.shtml","videoLink":"/c/2018-05-22/437486.shtml","date":"2018-05-22(二)","week":"二","red":"07,12,13,16,26,31","blue":"07","blue2":"","sales":"328678478","poolmoney":"936339437","content":"辽宁5注,陕西5注,深圳1注,共11注。","addmoney":"","addmoney2":"","msg":"","z2add":"","m2add":"","prizegrades":[{"type":1,"typenum":"11","typemoney":"6534486"},{"type":2,"typenum":"120","typemoney":"175826"},{"type":3,"typenum":"1255","typemoney":"3000"},{"type":4,"typenum":"68289","typemoney":"200"},{"type":5,"typenum":"1169845","typemoney":"10"},{"type":6,"typenum":"9506891","typemoney":"5"},{"type":7,"typenum":"","typemoney":""}]},{"name":"双色球","code":"2018057","detailsLink":"/c/2018-05-20/437477.shtml","videoLink":"/c/2018-05-20/437476.shtml","date":"2018-05-20(日)","week":"日","red":"05,15,17,19,20,30","blue":"13","blue2":"","sales":"360079018","poolmoney":"944921232","content":"河北1注,吉林1注,福建1注,山东1注,重庆1注,广东1注,海南1注,四川1注,宁夏1注,共9注。","addmoney":"","addmoney2":"","msg":"","z2add":"","m2add":"","prizegrades":[{"type":1,"typenum":"9","typemoney":"7219690"},{"type":2,"typenum":"193","typemoney":"129386"},{"type":3,"typenum":"1586","typemoney":"3000"},{"type":4,"typenum":"82648","typemoney":"200"},{"type":5,"typenum":"1554204","typemoney":"10"},{"type":6,"typenum":"7944600","typemoney":"5"},{"type":7,"typenum":"","typemoney":""}]},{"name":"双色球","code":"2018056","detailsLink":"/c/2018-05-17/437364.shtml","videoLink":"/c/2018-05-17/437363.shtml","date":"2018-05-17(四)","week":"四","red":"01,03,06,20,21,26","blue":"01","blue2":"","sales":"332042280","poolmoney":"934983896","content":"上海2注,山东3注,广东1注,四川1注,共7注。","addmoney":"","addmoney2":"","msg":"","z2add":"","m2add":"","prizegrades":[{"type":1,"typenum":"7","typemoney":"7536477"},{"type":2,"typenum":"187","typemoney":"118685"},{"type":3,"typenum":"1366","typemoney":"3000"},{"type":4,"typenum":"73097","typemoney":"200"},{"type":5,"typenum":"1289567","typemoney":"10"},{"type":6,"typenum":"8462190","typemoney":"5"},{"type":7,"typenum":"","typemoney":""}]},{"name":"双色球","code":"2018055","detailsLink":"/c/2018-05-15/437254.shtml","videoLink":"/c/2018-05-15/437253.shtml","date":"2018-05-15(二)","week":"二","red":"07,09,10,12,22,26","blue":"07","blue2":"","sales":"328077816","poolmoney":"921156717","content":"河北1注,江苏2注,浙江1注,山东3注,广西1注,新疆1注,深圳30注,共39注。","addmoney":"","addmoney2":"","msg":"","z2add":"","m2add":"","prizegrades":[{"type":1,"typenum":"39","typemoney":"5382270"},{"type":2,"typenum":"131","typemoney":"142257"},{"type":3,"typenum":"1949","typemoney":"3000"},{"type":4,"typenum":"83242","typemoney":"200"},{"type":5,"typenum":"1443369","typemoney":"10"},{"type":6,"typenum":"9857273","typemoney":"5"},{"type":7,"typenum":"","typemoney":""}]},{"name":"双色球","code":"2018054","detailsLink":"/c/2018-05-13/437144.shtml","videoLink":"/c/2018-05-13/437143.shtml","date":"2018-05-13(日)","week":"日","red":"04,06,18,22,25,33","blue":"16","blue2":"","sales":"364343470","poolmoney":"1075158284","content":"河北1注,江苏1注,湖北1注,新疆1注,共4注。","addmoney":"","addmoney2":"","msg":"","z2add":"","m2add":"","prizegrades":[{"type":1,"typenum":"4","typemoney":"10000000"},{"type":2,"typenum":"86","typemoney":"305357"},{"type":3,"typenum":"970","typemoney":"3000"},{"type":4,"typenum":"55282","typemoney":"200"},{"type":5,"typenum":"1101728","typemoney":"10"},{"type":6,"typenum":"9700312","typemoney":"5"},{"type":7,"typenum":"","typemoney":""}]},{"name":"双色球","code":"2018053","detailsLink":"/c/2018-05-10/437031.shtml","videoLink":"/c/2018-05-10/437030.shtml","date":"2018-05-10(四)","week":"四","red":"01,04,10,11,14,27","blue":"06","blue2":"","sales":"336743448","poolmoney":"1036375992","content":"辽宁1注,黑龙江2注,浙江1注,河南1注,广东1注,四川1注,贵州1注,共8注。","addmoney":"","addmoney2":"","msg":"","z2add":"","m2add":"","prizegrades":[{"type":1,"typenum":"8","typemoney":"7086603"},{"type":2,"typenum":"104","typemoney":"200634"},{"type":3,"typenum":"1253","typemoney":"3000"},{"type":4,"typenum":"68313","typemoney":"200"},{"type":5,"typenum":"1245525","typemoney":"10"},{"type":6,"typenum":"10332662","typemoney":"5"},{"type":7,"typenum":"","typemoney":""}]},{"name":"双色球","code":"2018052","detailsLink":"/c/2018-05-08/437021.shtml","videoLink":"/c/2018-05-08/437020.shtml","date":"2018-05-08(二)","week":"二","red":"03,05,06,09,15,32","blue":"14","blue2":"","sales":"335132016","poolmoney":"1030470724","content":"河北1注,山西1注,辽宁1注,山东1注,共4注。","addmoney":"","addmoney2":"","msg":"","z2add":"","m2add":"","prizegrades":[{"type":1,"typenum":"4","typemoney":"9373437"},{"type":2,"typenum":"104","typemoney":"210261"},{"type":3,"typenum":"1307","typemoney":"3000"},{"type":4,"typenum":"75100","typemoney":"200"},{"type":5,"typenum":"1449941","typemoney":"10"},{"type":6,"typenum":"8661105","typemoney":"5"},{"type":7,"typenum":"","typemoney":""}]},{"name":"双色球","code":"2018051","detailsLink":"/c/2018-05-06/436911.shtml","videoLink":"/c/2018-05-06/436910.shtml","date":"2018-05-06(日)","week":"日","red":"05,07,20,23,27,31","blue":"04","blue2":"","sales":"362286900","poolmoney":"1002362910","content":"江苏1注,山东1注,广东1注,甘肃1注,宁夏1注,共5注。","addmoney":"","addmoney2":"","msg":"","z2add":"","m2add":"","prizegrades":[{"type":1,"typenum":"5","typemoney":"9213527"},{"type":2,"typenum":"146","typemoney":"180373"},{"type":3,"typenum":"1160","typemoney":"3000"},{"type":4,"typenum":"66201","typemoney":"200"},{"type":5,"typenum":"1340034","typemoney":"10"},{"type":6,"typenum":"8412369","typemoney":"5"},{"type":7,"typenum":"","typemoney":""}]},{"name":"双色球","code":"2018050","detailsLink":"/c/2018-05-03/436798.shtml","videoLink":"/c/2018-05-03/436797.shtml","date":"2018-05-03(四)","week":"四","red":"01,02,04,10,18,19","blue":"07","blue2":"","sales":"332612986","poolmoney":"969426906","content":"吉林1注,黑龙江1注,浙江2注,重庆1注,云南1注,新疆1注,共7注。","addmoney":"","addmoney2":"","msg":"","z2add":"","m2add":"","prizegrades":[{"type":1,"typenum":"7","typemoney":"7360984"},{"type":2,"typenum":"146","typemoney":"141497"},{"type":3,"typenum":"1637","typemoney":"3000"},{"type":4,"typenum":"79189","typemoney":"200"},{"type":5,"typenum":"1377247","typemoney":"10"},{"type":6,"typenum":"9164927","typemoney":"5"},{"type":7,"typenum":"","typemoney":""}]},{"name":"双色球","code":"2018049","detailsLink":"/c/2018-05-01/436688.shtml","videoLink":"/c/2018-05-01/436687.shtml","date":"2018-05-01(二)","week":"二","red":"01,03,04,11,19,23","blue":"02","blue2":"","sales":"308606382","poolmoney":"958977957","content":"浙江6注,山东1注,共7注。","addmoney":"","addmoney2":"","msg":"","z2add":"","m2add":"","prizegrades":[{"type":1,"typenum":"7","typemoney":"7858532"},{"type":2,"typenum":"88","typemoney":"284229"},{"type":3,"typenum":"826","typemoney":"3000"},{"type":4,"typenum":"49737","typemoney":"200"},{"type":5,"typenum":"1039723","typemoney":"10"},{"type":6,"typenum":"5669175","typemoney":"5"},{"type":7,"typenum":"","typemoney":""}]},{"name":"双色球","code":"2018048","detailsLink":"/c/2018-04-29/436678.shtml","videoLink":"/c/2018-04-29/436677.shtml","date":"2018-04-29(日)","week":"日","red":"01,12,20,25,30,31","blue":"02","blue2":"","sales":"347082070","poolmoney":"938951220","content":"天津1注,浙江1注,广西1注,四川1注,共4注。","addmoney":"","addmoney2":"","msg":"","z2add":"","m2add":"","prizegrades":[{"type":1,"typenum":"4","typemoney":"9801124"},{"type":2,"typenum":"76","typemoney":"315863"},{"type":3,"typenum":"1175","typemoney":"3000"},{"type":4,"typenum":"54460","typemoney":"200"},{"type":5,"typenum":"1036941","typemoney":"10"},{"type":6,"typenum":"9852264","typemoney":"5"},{"type":7,"typenum":"","typemoney":""}]},{"name":"双色球","code":"2018047","detailsLink":"/c/2018-04-26/436565.shtml","videoLink":"/c/2018-04-26/436564.shtml","date":"2018-04-26(四)","week":"四","red":"06,07,12,16,22,25","blue":"07","blue2":"","sales":"340211348","poolmoney":"906138855","content":"上海2注,浙江1注,福建1注,江西1注,山东2注,湖北1注,湖南1注,共9注。","addmoney":"","addmoney2":"","msg":"","z2add":"","m2add":"","prizegrades":[{"type":1,"typenum":"9","typemoney":"6936514"},{"type":2,"typenum":"102","typemoney":"213586"},{"type":3,"typenum":"1430","typemoney":"3000"},{"type":4,"typenum":"74410","typemoney":"200"},{"type":5,"typenum":"1361230","typemoney":"10"},{"type":6,"typenum":"9355226","typemoney":"5"},{"type":7,"typenum":"","typemoney":""}]},{"name":"双色球","code":"2018046","detailsLink":"/c/2018-04-24/433555.shtml","videoLink":"/c/2018-04-24/433554.shtml","date":"2018-04-24(二)","week":"二","red":"10,13,14,18,20,31","blue":"03","blue2":"","sales":"341414200","poolmoney":"903210136","content":"辽宁1注,安徽1注,共2注。","addmoney":"","addmoney2":"","msg":"","z2add":"","m2add":"","prizegrades":[{"type":1,"typenum":"2","typemoney":"10000000"},{"type":2,"typenum":"100","typemoney":"256483"},{"type":3,"typenum":"997","typemoney":"3000"},{"type":4,"typenum":"56067","typemoney":"200"},{"type":5,"typenum":"1140599","typemoney":"10"},{"type":6,"typenum":"7817824","typemoney":"5"},{"type":7,"typenum":"","typemoney":""}]},{"name":"双色球","code":"2018045","detailsLink":"/c/2018-04-22/433245.shtml","videoLink":"/c/2018-04-22/433244.shtml","date":"2018-04-22(日)","week":"日","red":"03,04,06,25,26,30","blue":"01","blue2":"","sales":"381384846","poolmoney":"846265053","content":"山东1注,广西1注,甘肃1注,共3注。","addmoney":"","addmoney2":"","msg":"","z2add":"","m2add":"","prizegrades":[{"type":1,"typenum":"3","typemoney":"6904812"},{"type":2,"typenum":"82","typemoney":"87110"},{"type":3,"typenum":"2641","typemoney":"3000"},{"type":4,"typenum":"128837","typemoney":"200"},{"type":5,"typenum":"2063191","typemoney":"10"},{"type":6,"typenum":"20796816","typemoney":"5"},{"type":7,"typenum":"","typemoney":""}]},{"name":"双色球","code":"2018044","detailsLink":"/c/2018-04-19/432932.shtml","videoLink":"/c/2018-04-19/432931.shtml","date":"2018-04-19(四)","week":"四","red":"05,09,12,17,27,30","blue":"06","blue2":"","sales":"351490126","poolmoney":"845550354","content":"北京1注,天津1注,内蒙古1注,黑龙江1注,江苏1注,浙江1注,江西1注,山东4注,湖北1注,湖南2注,广东2注,广西3注,四川1注,甘肃1注,新疆1注,共22注。","addmoney":"","addmoney2":"","msg":"","z2add":"","m2add":"","prizegrades":[{"type":1,"typenum":"22","typemoney":"5550276"},{"type":2,"typenum":"643","typemoney":"23534"},{"type":3,"typenum":"3367","typemoney":"3000"},{"type":4,"typenum":"140832","typemoney":"200"},{"type":5,"typenum":"2082241","typemoney":"10"},{"type":6,"typenum":"10521984","typemoney":"5"},{"type":7,"typenum":"","typemoney":""}]},{"name":"双色球","code":"2018043","detailsLink":"/c/2018-04-17/432722.shtml","videoLink":"/c/2018-04-17/432721.shtml","date":"2018-04-17(二)","week":"二","red":"01,04,06,08,21,24","blue":"07","blue2":"","sales":"350595736","poolmoney":"922258638","content":"河北1注,内蒙古2注,浙江1注,湖北1注,广东1注,共6注。","addmoney":"","addmoney2":"","msg":"","z2add":"","m2add":"","prizegrades":[{"type":1,"typenum":"6","typemoney":"7386066"},{"type":2,"typenum":"93","typemoney":"192424"},{"type":3,"typenum":"1309","typemoney":"3000"},{"type":4,"typenum":"60322","typemoney":"200"},{"type":5,"typenum":"1178695","typemoney":"10"},{"type":6,"typenum":"14486315","typemoney":"5"},{"type":7,"typenum":"","typemoney":""}]},{"name":"双色球","code":"2018042","detailsLink":"/c/2018-04-15/432612.shtml","videoLink":"/c/2018-04-15/432611.shtml","date":"2018-04-15(日)","week":"日","red":"06,10,21,28,29,31","blue":"12","blue2":"","sales":"373384922","poolmoney":"912888550","content":"黑龙江1注,山东3注,重庆1注,河南1注,湖北5注,广东1注,广西2注,共14注。","addmoney":"","addmoney2":"","msg":"","z2add":"","m2add":"","prizegrades":[{"type":1,"typenum":"14","typemoney":"6113405"},{"type":2,"typenum":"163","typemoney":"119537"},{"type":3,"typenum":"2160","typemoney":"3000"},{"type":4,"typenum":"100821","typemoney":"200"},{"type":5,"typenum":"1688982","typemoney":"10"},{"type":6,"typenum":"12297237","typemoney":"5"},{"type":7,"typenum":"","typemoney":""}]},{"name":"双色球","code":"2018041","detailsLink":"/c/2018-04-12/432599.shtml","videoLink":"/c/2018-04-12/432598.shtml","date":"2018-04-12(四)","week":"四","red":"07,08,20,23,24,32","blue":"13","blue2":"","sales":"342614774","poolmoney":"940022436","content":"河北1注,江苏1注,浙江1注,四川1注,共4注。","addmoney":"","addmoney2":"","msg":"","z2add":"","m2add":"","prizegrades":[{"type":1,"typenum":"4","typemoney":"9960334"},{"type":2,"typenum":"64","typemoney":"387526"},{"type":3,"typenum":"792","typemoney":"3000"},{"type":4,"typenum":"49117","typemoney":"200"},{"type":5,"typenum":"1003581","typemoney":"10"},{"type":6,"typenum":"9287866","typemoney":"5"},{"type":7,"typenum":"","typemoney":""}]},{"name":"双色球","code":"2018040","detailsLink":"/c/2018-04-10/432489.shtml","videoLink":"/c/2018-04-10/432488.shtml","date":"2018-04-10(二)","week":"二","red":"01,03,08,13,18,23","blue":"16","blue2":"","sales":"341719534","poolmoney":"905458752","content":"河北1注,山西1注,辽宁1注,上海1注,江苏1注,河南1注,广东2注,云南1注,西藏1注,深圳1注,共11注。","addmoney":"","addmoney2":"","msg":"","z2add":"","m2add":"","prizegrades":[{"type":1,"typenum":"11","typemoney":"6625737"},{"type":2,"typenum":"283","typemoney":"78989"},{"type":3,"typenum":"1676","typemoney":"3000"},{"type":4,"typenum":"79774","typemoney":"200"},{"type":5,"typenum":"1296903","typemoney":"10"},{"type":6,"typenum":"8815038","typemoney":"5"},{"type":7,"typenum":"","typemoney":""}]},{"name":"双色球","code":"2018039","detailsLink":"/c/2018-04-08/432379.shtml","videoLink":"/c/2018-04-08/432378.shtml","date":"2018-04-08(日)","week":"日","red":"08,12,18,19,23,32","blue":"03","blue2":"","sales":"368394896","poolmoney":"911280204","content":"江西1注,山东2注,河南1注,湖南1注,广东1注,共6注。","addmoney":"","addmoney2":"","msg":"","z2add":"","m2add":"","prizegrades":[{"type":1,"typenum":"6","typemoney":"8202095"},{"type":2,"typenum":"168","typemoney":"142950"},{"type":3,"typenum":"1616","typemoney":"3000"},{"type":4,"typenum":"85718","typemoney":"200"},{"type":5,"typenum":"1526784","typemoney":"10"},{"type":6,"typenum":"9438240","typemoney":"5"},{"type":7,"typenum":"","typemoney":""}]},{"name":"双色球","code":"2018038","detailsLink":"/c/2018-04-05/432366.shtml","videoLink":"/c/2018-04-05/432365.shtml","date":"2018-04-05(四)","week":"四","red":"15,23,24,25,28,29","blue":"09","blue2":"","sales":"303245456","poolmoney":"888445635","content":"江苏1注,浙江1注,广西1注,新疆1注,深圳1注,共5注。","addmoney":"","addmoney2":"","msg":"","z2add":"","m2add":"","prizegrades":[{"type":1,"typenum":"5","typemoney":"7607731"},{"type":2,"typenum":"75","typemoney":"217310"},{"type":3,"typenum":"1074","typemoney":"3000"},{"type":4,"typenum":"62936","typemoney":"200"},{"type":5,"typenum":"1183137","typemoney":"10"},{"type":6,"typenum":"11151282","typemoney":"5"},{"type":7,"typenum":"","typemoney":""}]},{"name":"双色球","code":"2018037","detailsLink":"/c/2018-04-03/432256.shtml","videoLink":"/c/2018-04-03/432255.shtml","date":"2018-04-03(二)","week":"二","red":"01,06,07,08,27,30","blue":"10","blue2":"","sales":"336334062","poolmoney":"877589328","content":"河北2注,辽宁2注,吉林2注,山东2注,云南1注,陕西3注,共12注。","addmoney":"","addmoney2":"","msg":"","z2add":"","m2add":"","prizegrades":[{"type":1,"typenum":"12","typemoney":"6218823"},{"type":2,"typenum":"137","typemoney":"133447"},{"type":3,"typenum":"1564","typemoney":"3000"},{"type":4,"typenum":"80258","typemoney":"200"},{"type":5,"typenum":"1399994","typemoney":"10"},{"type":6,"typenum":"11386145","typemoney":"5"},{"type":7,"typenum":"","typemoney":""}]},{"name":"双色球","code":"2018036","detailsLink":"/c/2018-04-01/432146.shtml","videoLink":"/c/2018-04-01/432145.shtml","date":"2018-04-01(日)","week":"日","red":"08,17,24,26,28,33","blue":"04","blue2":"","sales":"375931002","poolmoney":"897368156","content":"江苏1注,陕西1注,深圳2注,共4注。","addmoney":"","addmoney2":"","msg":"","z2add":"","m2add":"","prizegrades":[{"type":1,"typenum":"4","typemoney":"10000000"},{"type":2,"typenum":"117","typemoney":"231790"},{"type":3,"typenum":"1164","typemoney":"3000"},{"type":4,"typenum":"65905","typemoney":"200"},{"type":5,"typenum":"1331597","typemoney":"10"},{"type":6,"typenum":"9147831","typemoney":"5"},{"type":7,"typenum":"","typemoney":""}]},{"name":"双色球","code":"2018035","detailsLink":"/c/2018-03-29/432132.shtml","videoLink":"/c/2018-03-29/432131.shtml","date":"2018-03-29(四)","week":"四","red":"07,10,11,17,23,28","blue":"15","blue2":"","sales":"350309396","poolmoney":"856009608","content":"浙江1注,湖南1注,广东1注,广西1注,四川1注,深圳1注,共6注。","addmoney":"","addmoney2":"","msg":"","z2add":"","m2add":"","prizegrades":[{"type":1,"typenum":"6","typemoney":"8809507"},{"type":2,"typenum":"289","typemoney":"98862"},{"type":3,"typenum":"960","typemoney":"3000"},{"type":4,"typenum":"61476","typemoney":"200"},{"type":5,"typenum":"1266529","typemoney":"10"},{"type":6,"typenum":"5905178","typemoney":"5"},{"type":7,"typenum":"","typemoney":""}]},{"name":"双色球","code":"2018034","detailsLink":"/c/2018-03-27/432022.shtml","videoLink":"/c/2018-03-27/432021.shtml","date":"2018-03-27(二)","week":"二","red":"01,05,11,22,23,26","blue":"15","blue2":"","sales":"348544506","poolmoney":"823152736","content":"辽宁1注,吉林1注,安徽2注,山东1注,河南2注,广东1注,共8注。","addmoney":"","addmoney2":"","msg":"","z2add":"","m2add":"","prizegrades":[{"type":1,"typenum":"8","typemoney":"7560160"},{"type":2,"typenum":"122","typemoney":"209849"},{"type":3,"typenum":"972","typemoney":"3000"},{"type":4,"typenum":"63265","typemoney":"200"},{"type":5,"typenum":"1241750","typemoney":"10"},{"type":6,"typenum":"8078774","typemoney":"5"},{"type":7,"typenum":"","typemoney":""}]},{"name":"双色球","code":"2018033","detailsLink":"/c/2018-03-25/432012.shtml","videoLink":"/c/2018-03-25/432011.shtml","date":"2018-03-25(日)","week":"日","red":"04,19,20,22,28,33","blue":"06","blue2":"","sales":"376360408","poolmoney":"806829198","content":"上海1注,安徽1注,江西1注,共3注。","addmoney":"","addmoney2":"","msg":"","z2add":"","m2add":"","prizegrades":[{"type":1,"typenum":"3","typemoney":"10000000"},{"type":2,"typenum":"88","typemoney":"289516"},{"type":3,"typenum":"1047","typemoney":"3000"},{"type":4,"typenum":"61280","typemoney":"200"},{"type":5,"typenum":"1205558","typemoney":"10"},{"type":6,"typenum":"11010817","typemoney":"5"},{"type":7,"typenum":"","typemoney":""}]},{"name":"双色球","code":"2018032","detailsLink":"/c/2018-03-22/431899.shtml","videoLink":"/c/2018-03-22/431898.shtml","date":"2018-03-22(四)","week":"四","red":"21,22,23,24,25,32","blue":"06","blue2":"","sales":"351194914","poolmoney":"760396749","content":"天津1注,福建1注,广西1注,共3注。","addmoney":"","addmoney2":"","msg":"","z2add":"","m2add":"","prizegrades":[{"type":1,"typenum":"3","typemoney":"10000000"},{"type":2,"typenum":"127","typemoney":"179511"},{"type":3,"typenum":"1392","typemoney":"3000"},{"type":4,"typenum":"56340","typemoney":"200"},{"type":5,"typenum":"1013760","typemoney":"10"},{"type":6,"typenum":"11062382","typemoney":"5"},{"type":7,"typenum":"","typemoney":""}]},{"name":"双色球","code":"2018031","detailsLink":"/c/2018-03-20/431789.shtml","videoLink":"/c/2018-03-20/431788.shtml","date":"2018-03-20(二)","week":"二","red":"02,16,18,19,27,30","blue":"14","blue2":"","sales":"345048756","poolmoney":"722002755","content":"内蒙古1注,江苏1注,福建1注,共3注。","addmoney":"","addmoney2":"","msg":"","z2add":"","m2add":"","prizegrades":[{"type":1,"typenum":"3","typemoney":"10000000"},{"type":2,"typenum":"116","typemoney":"224837"},{"type":3,"typenum":"1092","typemoney":"3000"},{"type":4,"typenum":"59834","typemoney":"200"},{"type":5,"typenum":"1201239","typemoney":"10"},{"type":6,"typenum":"7498833","typemoney":"5"},{"type":7,"typenum":"","typemoney":""}]},{"name":"双色球","code":"2018030","detailsLink":"/c/2018-03-18/431679.shtml","videoLink":"/c/2018-03-18/431678.shtml","date":"2018-03-18(日)","week":"日","red":"13,14,20,21,25,33","blue":"07","blue2":"","sales":"388492136","poolmoney":"673759355","content":"江苏1注,共1注。","addmoney":"","addmoney2":"","msg":"","z2add":"","m2add":"","prizegrades":[{"type":1,"typenum":"1","typemoney":"10000000"},{"type":2,"typenum":"98","typemoney":"260810"},{"type":3,"typenum":"1097","typemoney":"3000"},{"type":4,"typenum":"60282","typemoney":"200"},{"type":5,"typenum":"1184057","typemoney":"10"},{"type":6,"typenum":"12187127","typemoney":"5"},{"type":7,"typenum":"","typemoney":""}]},{"name":"双色球","code":"2018029","detailsLink":"/c/2018-03-15/431666.shtml","videoLink":"/c/2018-03-15/431665.shtml","date":"2018-03-15(四)","week":"四","red":"01,02,09,14,22,25","blue":"05","blue2":"","sales":"349939456","poolmoney":"607081200","content":"山西1注,辽宁2注,浙江1注,河南1注,共5注。","addmoney":"","addmoney2":"","msg":"","z2add":"","m2add":"","prizegrades":[{"type":1,"typenum":"5","typemoney":"8926329"},{"type":2,"typenum":"85","typemoney":"288700"},{"type":3,"typenum":"941","typemoney":"3000"},{"type":4,"typenum":"50833","typemoney":"200"},{"type":5,"typenum":"1050933","typemoney":"10"},{"type":6,"typenum":"9962632","typemoney":"5"},{"type":7,"typenum":"","typemoney":""}]},{"name":"双色球","code":"2018028","detailsLink":"/c/2018-03-13/431556.shtml","videoLink":"/c/2018-03-13/431555.shtml","date":"2018-03-13(二)","week":"二","red":"03,08,11,14,18,23","blue":"16","blue2":"","sales":"352015830","poolmoney":"578094167","content":"天津1注,内蒙古1注,上海1注,浙江1注,山东1注,河南1注,广东1注,共7注。","addmoney":"","addmoney2":"","msg":"","z2add":"","m2add":"","prizegrades":[{"type":1,"typenum":"7","typemoney":"7676997"},{"type":2,"typenum":"220","typemoney":"106471"},{"type":3,"typenum":"1869","typemoney":"3000"},{"type":4,"typenum":"82708","typemoney":"200"},{"type":5,"typenum":"1493643","typemoney":"10"},{"type":6,"typenum":"8341565","typemoney":"5"},{"type":7,"typenum":"","typemoney":""}]},{"name":"双色球","code":"2018027","detailsLink":"/c/2018-03-11/431446.shtml","videoLink":"/c/2018-03-11/431445.shtml","date":"2018-03-11(日)","week":"日","red":"02,07,09,14,18,28","blue":"05","blue2":"","sales":"386579026","poolmoney":"561561972","content":"江苏1注,福建1注,山东2注,湖北2注,共6注。","addmoney":"","addmoney2":"","msg":"","z2add":"","m2add":"","prizegrades":[{"type":1,"typenum":"6","typemoney":"8250400"},{"type":2,"typenum":"144","typemoney":"169291"},{"type":3,"typenum":"1652","typemoney":"3000"},{"type":4,"typenum":"87914","typemoney":"200"},{"type":5,"typenum":"1565274","typemoney":"10"},{"type":6,"typenum":"10744036","typemoney":"5"},{"type":7,"typenum":"","typemoney":""}]},{"name":"双色球","code":"2018026","detailsLink":"/c/2018-03-08/431333.shtml","videoLink":"/c/2018-03-08/431332.shtml","date":"2018-03-08(四)","week":"四","red":"04,07,12,14,26,32","blue":"04","blue2":"","sales":"341958742","poolmoney":"537930372","content":"江苏1注,江西1注,山东1注,湖南1注,广西2注,共6注。","addmoney":"","addmoney2":"","msg":"","z2add":"","m2add":"","prizegrades":[{"type":1,"typenum":"6","typemoney":"8313468"},{"type":2,"typenum":"75","typemoney":"331346"},{"type":3,"typenum":"1092","typemoney":"3000"},{"type":4,"typenum":"59713","typemoney":"200"},{"type":5,"typenum":"1094967","typemoney":"10"},{"type":6,"typenum":"8397492","typemoney":"5"},{"type":7,"typenum":"","typemoney":""}]}]}